@book{AI,
 author = {Russell, Stuart J. and Norvig, Peter},
 title = {Artificial Intelligence: A Modern Approach},
 year = {2003},
 isbn = {0137903952},
 edition = {2},
 publisher = {Pearson Education},
}

@book{Sutton:1998:IRL:551283,
 author = {Sutton, Richard S. and Barto, Andrew G.},
 title = {Introduction to Reinforcement Learning},
 year = {1998},
 isbn = {0262193981},
 edition = {1st},
 publisher = {MIT Press},
 address = {Cambridge, MA, USA},
} 

@article{DQN,
  author    = {Volodymyr Mnih and
               Koray Kavukcuoglu and
               David Silver and
               Alex Graves and
               Ioannis Antonoglou and
               Daan Wierstra and
               Martin A. Riedmiller},
  title     = {Playing Atari with Deep Reinforcement Learning},
  journal   = {CoRR},
  volume    = {abs/1312.5602},
  year      = {2013},
  url       = {http://arxiv.org/abs/1312.5602},
  timestamp = {Wed, 07 Jun 2017 14:43:06 +0200},
  biburl    = {http://dblp.uni-trier.de/rec/bib/journals/corr/MnihKSGAWR13},
  bibsource = {dblp computer science bibliography, http://dblp.org}
}

@misc{UCI,
author = "M. Lichman",
year = "2013",
title = "{UCI} Machine Learning Repository",
url = "http://archive.ics.uci.edu/ml",
institution = "University of California, Irvine, School of Information and Computer Sciences" 
}
